@inproceedings{Christie1998,
  address = {USA},
  author = {Christie, David A},
  booktitle = {Proceedings of the Ninth Annual ACM-SIAM Symposium on Discrete Algorithms},
  isbn = {0898714109},
  pages = {244--252},
  publisher = {Society for Industrial and Applied Mathematics},
  series = {SODA '98},
  title = {{A 3/2-Approximation Algorithm for Sorting by Reversals}},
  year = {1998}
}
@article{Bafna1996,
  author = {Bafna, Vineet and Pevzner, Pavel A},
  doi = {10.1137/S0097539793250627},
  journal = {SIAM J. Comput.},
  number = {2},
  pages = {272--289},
  publisher = {Society for Industrial and Applied Mathematics},
  title = {{Genome Rearrangements and Sorting by Reversals}},
  volume = {25},
  year = {1996}
}
@article{Kececioglu1995,
  author = {Kececioglu, J and Sankoff, D},
  doi = {10.1007/BF01188586},
  journal = {Algorithmica},
  number = {1},
  pages = {180},
  title = {{Exact and approximation algorithms for sorting by reversals, with application to genome rearrangement}},
  volume = {13},
  year = {1995}
}
@inproceedings{Caprara1997,
  author = {Caprara, Alberto},
  booktitle = {Proceedings of the First Annual International Conference on Computational Molecular Biology},
  doi = {10.1145/267521.267531},
  pages = {75--83},
  publisher = {Association for Computing Machinery},
  series = {RECOMB '97},
  title = {{Sorting by Reversals is Difficult}},
  year = {1997}
}
@article{Watterson19821,
  title = {The chromosome inversion problem},
  journal = {Journal of Theoretical Biology},
  volume = {99},
  number = {1},
  pages = {1 - 7},
  year = {1982},
  doi = {https://doi.org/10.1016/0022-5193(82)90384-8},
  author = {G.A. Watterson and W.J. Ewens and T.E. Hall and A. Morgan},
}
